%% This BibTeX bibliography file was created using BibDesk.
%% http://bibdesk.sourceforge.net/


%% Created for bgxiong at 2018-07-12 11:01:33 -0500 


%% Saved with string encoding Unicode (UTF-8) 



@article{Ghosh2018,
	Author = {Ghosh, S. and Manchon, A.},
	Date-Added = {2018-06-13 16:08:56 +0000},
	Date-Modified = {2018-06-13 16:09:26 +0000},
	Doi = {10.1103/PhysRevB.97.134402},
	Issue = {13},
	Journal = {Phys. Rev. B},
	Month = {Apr},
	Numpages = {10},
	Pages = {134402},
	Publisher = {American Physical Society},
	Title = {Spin-orbit torque in a three-dimensional topological insulator--ferromagnet heterostructure: Crossover between bulk and surface transport},
	Url = {https://link.aps.org/doi/10.1103/PhysRevB.97.134402},
	Volume = {97},
	Year = {2018},
	Bdsk-Url-1 = {https://link.aps.org/doi/10.1103/PhysRevB.97.134402},
	Bdsk-Url-2 = {https://doi.org/10.1103/PhysRevB.97.134402}}

@article{RALPH20081190,
	Abstract = {This tutorial article introduces the physics of spin transfer torques in magnetic devices. Our intention is that it be accessible to beginning graduate students. We provide an elementary discussion of the mechanism of spin transfer torque and review the theoretical and experimental progress in this field. This article is meant to set the stage for the articles which follow in this volume of the Journal of Magnetism and Magnetic Materials, which focus in more depth on particularly interesting aspects of spin-torque physics and highlight unanswered questions that might be productive topics for future research.},
	Author = {D.C. Ralph and M.D. Stiles},
	Date-Added = {2018-06-12 22:51:06 +0000},
	Date-Modified = {2018-06-12 22:51:06 +0000},
	Doi = {https://doi.org/10.1016/j.jmmm.2007.12.019},
	Issn = {0304-8853},
	Journal = {Journal of Magnetism and Magnetic Materials},
	Keywords = {Spin transfer, Spin valve, Magnetic tunnel junction},
	Number = {7},
	Pages = {1190 - 1216},
	Title = {Spin transfer torques},
	Url = {http://www.sciencedirect.com/science/article/pii/S0304885307010116},
	Volume = {320},
	Year = {2008},
	Bdsk-Url-1 = {http://www.sciencedirect.com/science/article/pii/S0304885307010116},
	Bdsk-Url-2 = {https://doi.org/10.1016/j.jmmm.2007.12.019}}

@book{bland:2005aa,
	Author = {J. A. C. Bland and B. Heinrich},
	Date-Added = {2018-06-12 22:40:10 +0000},
	Date-Modified = {2018-07-12 15:45:17 +0000},
	Publisher = {SpringerVerlag, New York},
	Title = {Ultrathin Magnetic Structures III: Fundamentals of Nanomagnetism},
	Year = {2005}}

@article{gilbert:1955aa,
	Author = {Thomas L. Gilbert},
	Date-Added = {2018-06-12 22:16:33 +0000},
	Date-Modified = {2018-07-12 15:42:15 +0000},
	Journal = {Phys. Rev.},
	Number = {1243},
	Title = {A Lagrangian Formulation of the Gyromagnetic Equation of the Magnetization Field},
	Volume = {100},
	Year = {1955}}

@article{landau:1935aa,
	Author = {L. D. Landau and E. M. Lifshitz},
	Date-Added = {2018-06-12 22:00:11 +0000},
	Date-Modified = {2018-07-12 16:01:33 +0000},
	Journal = {Phys. Zs. Sowjet.},
	Pages = {153-169},
	Title = {On the theory of the dispersion of magnetic permeability in ferromagnetic bodies},
	Volume = {8},
	Year = {1935}}

@article{Gilbert2004,
	Abstract = {In 1955, a phenomenological theory of ferromagnetism was well established and had been corroborated by a considerable amount of experimental data. However, there were problems in the phenomenological theory of the dynamics of the magnetization field. The Landau-Lifshitz equation for damping of the motion of the magnetization field could not account for the large noneddy-current damping in thin Permalloy sheets. The problem undertaken herein is a reformulation of the theory in a way that is more consistent with the theory of damping in other physical systems in order to be able to take large damping into account.},
	Author = {T. L. Gilbert},
	Date-Added = {2018-06-12 21:13:33 +0000},
	Date-Modified = {2018-06-12 21:44:44 +0000},
	Doi = {10.1109/TMAG.2004.836740},
	Issn = {0018-9464},
	Journal = {IEEE Transactions on Magnetics},
	Keywords = {damping;eddy current losses;ferromagnetic materials;damping theory;ferromagnetic damping;ferromagnetic materials;magnetic core memories;magnetic domains;magnetic losses;magnetic recording;magnetization processes;phenomenological theory;Damping;Eddy currents;Energy loss;Equations;Extraterrestrial measurements;Lattices;Magnetic domains;Magnetic field induced strain;Magnetic materials;Magnetization;65;Ferromagnetic damping;ferromagnetic materials;magnetic core memories;magnetic domains;magnetic losses;magnetic recording;magnetization processes},
	Month = {Nov},
	Number = {6},
	Pages = {3443-3449},
	Title = {A phenomenological theory of damping in ferromagnetic materials},
	Volume = {40},
	Year = {2004},
	Bdsk-Url-1 = {https://doi.org/10.1109/TMAG.2004.836740}}

@article{AF_ST,
	Abstract = {We have developed a drift-diffusion equation of spin transport in collinear bipartite metallic antiferromagnets. Starting from a model tight-binding Hamiltonian, we obtain the quantum kinetic equation within Keldysh formalism and expand it to the lowest order in spatial gradient using Wigner expansion method. In the diffusive limit, these equations track the spatio-temporal evolution of the spin accumulations and spin currents on each sublattice of the antiferromagnet. We use these equations to address the nature of the spin transfer torque in (i) a spin-valve composed of a ferromagnet and an antiferromagnet, (ii) a metallic bilayer consisting of an antiferromagnet adjacent to a heavy metal possessing spin Hall effect, and in (iii) a single antiferromagnet possessing spin Hall effect. We show that the latter can experience a self-torque thanks to the non-vanishing spin Hall effect in the antiferromagnet.},
	Author = {Aurelien Manchon},
	Date-Added = {2018-05-04 21:34:51 +0000},
	Date-Modified = {2018-05-04 21:34:57 +0000},
	Journal = {Journal of Physics: Condensed Matter},
	Number = {10},
	Pages = {104002},
	Title = {Spin diffusion and torques in disordered antiferromagnets},
	Url = {http://stacks.iop.org/0953-8984/29/i=10/a=104002},
	Volume = {29},
	Year = {2017},
	Bdsk-Url-1 = {http://stacks.iop.org/0953-8984/29/i=10/a=104002}}

@article{AF_STT,
	Author = {Cheng, Ran and Xiao, Jiang and Niu, Qian and Brataas, Arne},
	Date-Added = {2018-05-04 21:33:44 +0000},
	Date-Modified = {2018-05-04 21:33:48 +0000},
	Doi = {10.1103/PhysRevLett.113.057601},
	Issue = {5},
	Journal = {Phys. Rev. Lett.},
	Month = {Jul},
	Numpages = {5},
	Pages = {057601},
	Publisher = {American Physical Society},
	Title = {Spin Pumping and Spin-Transfer Torques in Antiferromagnets},
	Url = {https://link.aps.org/doi/10.1103/PhysRevLett.113.057601},
	Volume = {113},
	Year = {2014},
	Bdsk-Url-1 = {https://link.aps.org/doi/10.1103/PhysRevLett.113.057601},
	Bdsk-Url-2 = {https://doi.org/10.1103/PhysRevLett.113.057601}}

@article{AF_SOT,
	Author = {\ifmmode \check{Z}\else \v{Z}\fi{}elezn\'y, J. and Gao, H. and V\'yborn\'y, K. and Zemen, J. and Ma\ifmmode \check{s}\else \v{s}\fi{}ek, J. and Manchon, Aur\'elien and Wunderlich, J. and Sinova, Jairo and Jungwirth, T.},
	Date-Added = {2018-05-04 21:32:33 +0000},
	Date-Modified = {2018-05-04 21:32:38 +0000},
	Doi = {10.1103/PhysRevLett.113.157201},
	Issue = {15},
	Journal = {Phys. Rev. Lett.},
	Month = {Oct},
	Numpages = {5},
	Pages = {157201},
	Publisher = {American Physical Society},
	Title = {Relativistic N\'eel-Order Fields Induced by Electrical Current in Antiferromagnets},
	Url = {https://link.aps.org/doi/10.1103/PhysRevLett.113.157201},
	Volume = {113},
	Year = {2014},
	Bdsk-Url-1 = {https://link.aps.org/doi/10.1103/PhysRevLett.113.157201},
	Bdsk-Url-2 = {https://doi.org/10.1103/PhysRevLett.113.157201}}

@article{TI_SOT_bulk_bb,
	Author = {Mahfouzi, Farzad and Nikoli\ifmmode \acute{c}\else \'{c}\fi{}, Branislav K. and Kioussis, Nicholas},
	Date-Added = {2018-05-04 04:59:57 +0000},
	Date-Modified = {2018-05-04 05:00:05 +0000},
	Doi = {10.1103/PhysRevB.93.115419},
	Issue = {11},
	Journal = {Phys. Rev. B},
	Month = {Mar},
	Numpages = {10},
	Pages = {115419},
	Publisher = {American Physical Society},
	Title = {Antidamping spin-orbit torque driven by spin-flip reflection mechanism on the surface of a topological insulator: A time-dependent nonequilibrium Green function approach},
	Url = {https://link.aps.org/doi/10.1103/PhysRevB.93.115419},
	Volume = {93},
	Year = {2016},
	Bdsk-Url-1 = {https://link.aps.org/doi/10.1103/PhysRevB.93.115419},
	Bdsk-Url-2 = {https://doi.org/10.1103/PhysRevB.93.115419}}

@article{TI_SOT_bulk_aa,
	Author = {Fischer, Mark H. and Vaezi, Abolhassan and Manchon, Aurelien and Kim, Eun-Ah},
	Date-Added = {2018-05-04 04:58:51 +0000},
	Date-Modified = {2018-05-04 04:58:59 +0000},
	Doi = {10.1103/PhysRevB.93.125303},
	Issue = {12},
	Journal = {Phys. Rev. B},
	Month = {Mar},
	Numpages = {4},
	Pages = {125303},
	Publisher = {American Physical Society},
	Title = {Spin-torque generation in topological insulator based heterostructures},
	Url = {https://link.aps.org/doi/10.1103/PhysRevB.93.125303},
	Volume = {93},
	Year = {2016},
	Bdsk-Url-1 = {https://link.aps.org/doi/10.1103/PhysRevB.93.125303},
	Bdsk-Url-2 = {https://doi.org/10.1103/PhysRevB.93.125303}}

@article{TI_prefer_Rashba_aa,
	Author = {Zhang, Jia and Velev, Julian P. and Dang, Xiaoqian and Tsymbal, Evgeny Y.},
	Date-Added = {2018-05-04 04:54:25 +0000},
	Date-Modified = {2018-06-13 16:31:13 +0000},
	Doi = {10.1103/PhysRevB.94.014435},
	Issue = {1},
	Journal = {Phys. Rev. B},
	Month = {Jul},
	Numpages = {7},
	Pages = {014435},
	Publisher = {American Physical Society},
	Title = {Band structure and spin texture of ${\mathrm{Bi}}_{2}{\mathrm{Se}}_{3} 3d$ ferromagnetic metal interface},
	Url = {https://link.aps.org/doi/10.1103/PhysRevB.94.014435},
	Volume = {94},
	Year = {2016},
	Bdsk-Url-1 = {https://link.aps.org/doi/10.1103/PhysRevB.94.014435},
	Bdsk-Url-2 = {https://doi.org/10.1103/PhysRevB.94.014435}}

@article{TI_With_Rashba_bb,
	Author = {MacNeill, D. and Stiehl, G. M. and Guimaraes, M. H. D. and Buhrman, R. A. and Park, J. and Ralph, D. C.},
	Date = {2016/11/07/online},
	Date-Added = {2018-05-04 04:52:31 +0000},
	Date-Modified = {2018-05-04 04:55:02 +0000},
	Day = {07},
	Journal = {Nature Physics},
	L3 = {10.1038/nphys3933; https://www.nature.com/articles/nphys3933#supplementary-information},
	M3 = {Article},
	Month = {11},
	Pages = {300 EP -},
	Publisher = {Nature Publishing Group SN -},
	Title = {Control of spin--orbit torques through crystal symmetry in WTe2/ferromagnet bilayers},
	Ty = {JOUR},
	Url = {http://dx.doi.org/10.1038/nphys3933},
	Volume = {13},
	Year = {2016},
	Bdsk-Url-1 = {http://dx.doi.org/10.1038/nphys3933}}

@article{TI_EM_aa,
	Author = {Qi, Xiao-Liang and Hughes, Taylor L. and Zhang, Shou-Cheng},
	Date-Added = {2018-05-04 04:50:05 +0000},
	Date-Modified = {2018-05-04 04:50:11 +0000},
	Doi = {10.1103/PhysRevB.78.195424},
	Issue = {19},
	Journal = {Phys. Rev. B},
	Month = {Nov},
	Numpages = {43},
	Pages = {195424},
	Publisher = {American Physical Society},
	Title = {Topological field theory of time-reversal invariant insulators},
	Url = {https://link.aps.org/doi/10.1103/PhysRevB.78.195424},
	Volume = {78},
	Year = {2008},
	Bdsk-Url-1 = {https://link.aps.org/doi/10.1103/PhysRevB.78.195424},
	Bdsk-Url-2 = {https://doi.org/10.1103/PhysRevB.78.195424}}

@article{TI_EM_bb,
	Author = {Nomura, Kentaro and Nagaosa, Naoto},
	Date-Added = {2018-05-04 04:49:11 +0000},
	Date-Modified = {2018-05-04 04:49:23 +0000},
	Doi = {10.1103/PhysRevLett.106.166802},
	Issue = {16},
	Journal = {Phys. Rev. Lett.},
	Month = {Apr},
	Numpages = {4},
	Pages = {166802},
	Publisher = {American Physical Society},
	Title = {Surface-Quantized Anomalous Hall Current and the Magnetoelectric Effect in Magnetically Disordered Topological Insulators},
	Url = {https://link.aps.org/doi/10.1103/PhysRevLett.106.166802},
	Volume = {106},
	Year = {2011},
	Bdsk-Url-1 = {https://link.aps.org/doi/10.1103/PhysRevLett.106.166802},
	Bdsk-Url-2 = {https://doi.org/10.1103/PhysRevLett.106.166802}}

@article{TI_SOT_aa,
	Author = {Ndiaye, Papa B. and Akosa, C. A. and Fischer, M. H. and Vaezi, A. and Kim, E.-A. and Manchon, A.},
	Date-Added = {2018-05-04 04:44:16 +0000},
	Date-Modified = {2018-05-04 05:04:28 +0000},
	Doi = {10.1103/PhysRevB.96.014408},
	Issue = {1},
	Journal = {Phys. Rev. B},
	Month = {Jul},
	Numpages = {8},
	Pages = {014408},
	Publisher = {American Physical Society},
	Rating = {5},
	Title = {Dirac spin-orbit torques and charge pumping at the surface of topological insulators},
	Url = {https://link.aps.org/doi/10.1103/PhysRevB.96.014408},
	Volume = {96},
	Year = {2017},
	Bdsk-Url-1 = {https://link.aps.org/doi/10.1103/PhysRevB.96.014408},
	Bdsk-Url-2 = {https://doi.org/10.1103/PhysRevB.96.014408}}

@article{TI_SOT_spintexture,
	Author = {Chang, Po-Hao and Markussen, Troels and Smidstrup, S\o{}ren and Stokbro, Kurt and Nikoli\ifmmode \acute{c}\else \'{c}\fi{}, Branislav K.},
	Date-Added = {2018-05-04 04:38:34 +0000},
	Date-Modified = {2018-05-04 04:39:08 +0000},
	Doi = {10.1103/PhysRevB.92.201406},
	Issue = {20},
	Journal = {Phys. Rev. B},
	Month = {Nov},
	Numpages = {5},
	Pages = {201406},
	Publisher = {American Physical Society},
	Title = {Nonequilibrium spin texture within a thin layer below the surface of current-carrying topological insulator ${\mathrm{Bi}}_{2}{\mathrm{Se}}_{3}$: A first-principles quantum transport study},
	Url = {https://link.aps.org/doi/10.1103/PhysRevB.92.201406},
	Volume = {92},
	Year = {2015},
	Bdsk-Url-1 = {https://link.aps.org/doi/10.1103/PhysRevB.92.201406},
	Bdsk-Url-2 = {https://doi.org/10.1103/PhysRevB.92.201406}}

@article{Relaxation_impurity_aa,
	Author = {G\'eranton, Guillaume and Zimmermann, Bernd and Long, Nguyen H. and Mavropoulos, Phivos and Bl\"ugel, Stefan and Freimuth, Frank and Mokrousov, Yuriy},
	Date-Added = {2018-05-04 00:59:26 +0000},
	Date-Modified = {2018-05-04 00:59:39 +0000},
	Doi = {10.1103/PhysRevB.93.224420},
	Issue = {22},
	Journal = {Phys. Rev. B},
	Month = {Jun},
	Numpages = {11},
	Pages = {224420},
	Publisher = {American Physical Society},
	Title = {Spin-orbit torques and spin accumulation in FePt/Pt and Co/Cu thin films from first principles: The role of impurities},
	Url = {https://link.aps.org/doi/10.1103/PhysRevB.93.224420},
	Volume = {93},
	Year = {2016},
	Bdsk-Url-1 = {https://link.aps.org/doi/10.1103/PhysRevB.93.224420},
	Bdsk-Url-2 = {https://doi.org/10.1103/PhysRevB.93.224420}}

@article{Relaxation_aa,
	Author = {Wimmer, S. and Chadova, K. and Seemann, M. and K\"odderitzsch, D. and Ebert, H.},
	Date-Added = {2018-05-04 00:58:17 +0000},
	Date-Modified = {2018-05-04 00:58:29 +0000},
	Doi = {10.1103/PhysRevB.94.054415},
	Issue = {5},
	Journal = {Phys. Rev. B},
	Month = {Aug},
	Numpages = {12},
	Pages = {054415},
	Publisher = {American Physical Society},
	Title = {Fully relativistic description of spin-orbit torques by means of linear response theory},
	Url = {https://link.aps.org/doi/10.1103/PhysRevB.94.054415},
	Volume = {94},
	Year = {2016},
	Bdsk-File-1 = {YnBsaXN0MDDUAQIDBAUGJCVYJHZlcnNpb25YJG9iamVjdHNZJGFyY2hpdmVyVCR0b3ASAAGGoKgHCBMUFRYaIVUkbnVsbNMJCgsMDxJXTlMua2V5c1pOUy5vYmplY3RzViRjbGFzc6INDoACgAOiEBGABIAFgAdccmVsYXRpdmVQYXRoWWFsaWFzRGF0YV8QKS4uLy4uLy4uLy5UcmFzaC9QaHlzUmV2Qi44OC4wODU0MjMuYmlidGV40hcLGBlXTlMuZGF0YU8RAWwAAAAAAWwAAgAADE1hY2ludG9zaCBIRAAAAAAAAAAAAAAAAAAAAAAAAABCRAAB/////xlQaHlzUmV2Qi44OC4wODU0MjMuYmlidGV4AAAAAAAAAAAAAAAAAAAAAAAAAAAAAAAAAAAAAAAAAAAAAAAAAAD/////AAAAAAAAAAAAAAAAAAMAAgAACiBjdQAAAAAAAAAAAAAAAAAGLlRyYXNoAAIAMC86VXNlcnM6Ymd4aW9uZzouVHJhc2g6UGh5c1JldkIuODguMDg1NDIzLmJpYnRleAAOADQAGQBQAGgAeQBzAFIAZQB2AEIALgA4ADgALgAwADgANQA0ADIAMwAuAGIAaQBiAHQAZQB4AA8AGgAMAE0AYQBjAGkAbgB0AG8AcwBoACAASABEABIALlVzZXJzL2JneGlvbmcvLlRyYXNoL1BoeXNSZXZCLjg4LjA4NTQyMy5iaWJ0ZXgAEwABLwAAFQACAA7//wAAgAbSGxwdHlokY2xhc3NuYW1lWCRjbGFzc2VzXU5TTXV0YWJsZURhdGGjHR8gVk5TRGF0YVhOU09iamVjdNIbHCIjXE5TRGljdGlvbmFyeaIiIF8QD05TS2V5ZWRBcmNoaXZlctEmJ1Ryb290gAEACAARABoAIwAtADIANwBAAEYATQBVAGAAZwBqAGwAbgBxAHMAdQB3AIQAjgC6AL8AxwI3AjkCPgJJAlICYAJkAmsCdAJ5AoYCiQKbAp4CowAAAAAAAAIBAAAAAAAAACgAAAAAAAAAAAAAAAAAAAKl},
	Bdsk-Url-1 = {https://link.aps.org/doi/10.1103/PhysRevB.94.054415},
	Bdsk-Url-2 = {https://doi.org/10.1103/PhysRevB.94.054415}}

@article{Exp_NiMnSb_cic_2016,
	Author = {Ciccarelli, C. and Anderson, L. and Tshitoyan, V. and Ferguson, A. J. and Gerhard, F. and Gould, C. and Molenkamp, L. W. and Gayles, J. and {\v Z}elezn{\'y}, J. and {\v S}mejkal, L. and Yuan, Z. and Sinova, J. and Freimuth, F. and Jungwirth, T.},
	Date = {2016/05/16/online},
	Date-Added = {2018-05-03 22:28:58 +0000},
	Date-Modified = {2018-05-03 22:29:47 +0000},
	Day = {16},
	Journal = {Nature Physics},
	L3 = {10.1038/nphys3772; https://www.nature.com/articles/nphys3772#supplementary-information},
	M3 = {Article},
	Month = {05},
	Pages = {855 EP -},
	Publisher = {Nature Publishing Group SN -},
	Title = {Room-temperature spin--orbit torque in NiMnSb},
	Ty = {JOUR},
	Url = {http://dx.doi.org/10.1038/nphys3772},
	Volume = {12},
	Year = {2016},
	Bdsk-Url-1 = {http://dx.doi.org/10.1038/nphys3772}}

@article{Kubo_Bastin_SOT_aa,
	Author = {Freimuth, Frank and Bl\"ugel, Stefan and Mokrousov, Yuriy},
	Date-Added = {2018-05-03 22:25:38 +0000},
	Date-Modified = {2018-05-03 22:26:00 +0000},
	Doi = {10.1103/PhysRevB.90.174423},
	Issue = {17},
	Journal = {Phys. Rev. B},
	Month = {Nov},
	Numpages = {10},
	Pages = {174423},
	Publisher = {American Physical Society},
	Title = {Spin-orbit torques in Co/Pt(111) and Mn/W(001) magnetic bilayers from first principles},
	Url = {https://link.aps.org/doi/10.1103/PhysRevB.90.174423},
	Volume = {90},
	Year = {2014},
	Bdsk-Url-1 = {https://link.aps.org/doi/10.1103/PhysRevB.90.174423},
	Bdsk-Url-2 = {https://doi.org/10.1103/PhysRevB.90.174423}}

@article{symmetry_SOT_cc,
	Author = {\ifmmode \check{Z}\else \v{Z}\fi{}elezn\'y, J. and Gao, H. and Manchon, Aur\'elien and Freimuth, Frank and Mokrousov, Yuriy and Zemen, J. and Ma\ifmmode \check{s}\else \v{s}\fi{}ek, J. and Sinova, Jairo and Jungwirth, T.},
	Date-Added = {2018-05-03 22:15:52 +0000},
	Date-Modified = {2018-05-03 22:16:23 +0000},
	Doi = {10.1103/PhysRevB.95.014403},
	Issue = {1},
	Journal = {Phys. Rev. B},
	Month = {Jan},
	Numpages = {18},
	Pages = {014403},
	Publisher = {American Physical Society},
	Title = {Spin-orbit torques in locally and globally noncentrosymmetric crystals: Antiferromagnets and ferromagnets},
	Url = {https://link.aps.org/doi/10.1103/PhysRevB.95.014403},
	Volume = {95},
	Year = {2017},
	Bdsk-Url-1 = {https://link.aps.org/doi/10.1103/PhysRevB.95.014403},
	Bdsk-Url-2 = {https://doi.org/10.1103/PhysRevB.95.014403}}

@article{symmetry_SOT_aa,
	Author = {Hals, Kjetil M. D. and Brataas, Arne},
	Date-Added = {2018-05-03 22:15:48 +0000},
	Date-Modified = {2018-05-03 22:16:08 +0000},
	Doi = {10.1103/PhysRevB.88.085423},
	Issue = {8},
	Journal = {Phys. Rev. B},
	Month = {Aug},
	Numpages = {5},
	Pages = {085423},
	Publisher = {American Physical Society},
	Title = {Phenomenology of current-induced spin-orbit torques},
	Url = {https://link.aps.org/doi/10.1103/PhysRevB.88.085423},
	Volume = {88},
	Year = {2013},
	Bdsk-Url-1 = {https://link.aps.org/doi/10.1103/PhysRevB.88.085423},
	Bdsk-Url-2 = {https://doi.org/10.1103/PhysRevB.88.085423}}

@article{symmetry_SOT_bb,
	Author = {Wimmer, S. and Chadova, K. and Seemann, M. and K\"odderitzsch, D. and Ebert, H.},
	Date-Added = {2018-05-03 22:15:33 +0000},
	Date-Modified = {2018-05-03 22:16:14 +0000},
	Doi = {10.1103/PhysRevB.94.054415},
	Issue = {5},
	Journal = {Phys. Rev. B},
	Month = {Aug},
	Numpages = {12},
	Pages = {054415},
	Publisher = {American Physical Society},
	Title = {Fully relativistic description of spin-orbit torques by means of linear response theory},
	Url = {https://link.aps.org/doi/10.1103/PhysRevB.94.054415},
	Volume = {94},
	Year = {2016},
	Bdsk-File-1 = {YnBsaXN0MDDUAQIDBAUGJCVYJHZlcnNpb25YJG9iamVjdHNZJGFyY2hpdmVyVCR0b3ASAAGGoKgHCBMUFRYaIVUkbnVsbNMJCgsMDxJXTlMua2V5c1pOUy5vYmplY3RzViRjbGFzc6INDoACgAOiEBGABIAFgAdccmVsYXRpdmVQYXRoWWFsaWFzRGF0YV8QKS4uLy4uLy4uLy5UcmFzaC9QaHlzUmV2Qi44OC4wODU0MjMuYmlidGV40hcLGBlXTlMuZGF0YU8RAWwAAAAAAWwAAgAADE1hY2ludG9zaCBIRAAAAAAAAAAAAAAAAAAAAAAAAABCRAAB/////xlQaHlzUmV2Qi44OC4wODU0MjMuYmlidGV4AAAAAAAAAAAAAAAAAAAAAAAAAAAAAAAAAAAAAAAAAAAAAAAAAAD/////AAAAAAAAAAAAAAAAAAMAAgAACiBjdQAAAAAAAAAAAAAAAAAGLlRyYXNoAAIAMC86VXNlcnM6Ymd4aW9uZzouVHJhc2g6UGh5c1JldkIuODguMDg1NDIzLmJpYnRleAAOADQAGQBQAGgAeQBzAFIAZQB2AEIALgA4ADgALgAwADgANQA0ADIAMwAuAGIAaQBiAHQAZQB4AA8AGgAMAE0AYQBjAGkAbgB0AG8AcwBoACAASABEABIALlVzZXJzL2JneGlvbmcvLlRyYXNoL1BoeXNSZXZCLjg4LjA4NTQyMy5iaWJ0ZXgAEwABLwAAFQACAA7//wAAgAbSGxwdHlokY2xhc3NuYW1lWCRjbGFzc2VzXU5TTXV0YWJsZURhdGGjHR8gVk5TRGF0YVhOU09iamVjdNIbHCIjXE5TRGljdGlvbmFyeaIiIF8QD05TS2V5ZWRBcmNoaXZlctEmJ1Ryb290gAEACAARABoAIwAtADIANwBAAEYATQBVAGAAZwBqAGwAbgBxAHMAdQB3AIQAjgC6AL8AxwI3AjkCPgJJAlICYAJkAmsCdAJ5AoYCiQKbAp4CowAAAAAAAAIBAAAAAAAAACgAAAAAAAAAAAAAAAAAAAKl},
	Bdsk-Url-1 = {https://link.aps.org/doi/10.1103/PhysRevB.94.054415},
	Bdsk-Url-2 = {https://doi.org/10.1103/PhysRevB.94.054415}}

@article{InterfaceSOT_cc,
	Author = {Sun, Qing-feng and Xie, X. C.},
	Date-Added = {2018-05-03 22:05:44 +0000},
	Date-Modified = {2018-05-03 22:05:55 +0000},
	Doi = {10.1103/PhysRevB.72.245305},
	Issue = {24},
	Journal = {Phys. Rev. B},
	Month = {Dec},
	Numpages = {7},
	Pages = {245305},
	Publisher = {American Physical Society},
	Title = {Definition of the spin current: The angular spin current and its physical consequences},
	Url = {https://link.aps.org/doi/10.1103/PhysRevB.72.245305},
	Volume = {72},
	Year = {2005},
	Bdsk-Url-1 = {https://link.aps.org/doi/10.1103/PhysRevB.72.245305},
	Bdsk-Url-2 = {https://doi.org/10.1103/PhysRevB.72.245305}}

@article{InterfaceSOT_aa,
	Author = {Amin, V. P. and Stiles, M. D.},
	Date-Added = {2018-05-03 22:01:41 +0000},
	Date-Modified = {2018-05-03 22:02:43 +0000},
	Doi = {10.1103/PhysRevB.94.104419},
	Issue = {10},
	Journal = {Phys. Rev. B},
	Month = {Sep},
	Numpages = {16},
	Pages = {104419},
	Publisher = {American Physical Society},
	Title = {Spin transport at interfaces with spin-orbit coupling: Formalism},
	Url = {https://link.aps.org/doi/10.1103/PhysRevB.94.104419},
	Volume = {94},
	Year = {2016},
	Bdsk-Url-1 = {https://link.aps.org/doi/10.1103/PhysRevB.94.104419},
	Bdsk-Url-2 = {https://doi.org/10.1103/PhysRevB.94.104419}}

@article{InterfaceSOT_bb,
	Author = {Amin, V. P. and Stiles, M. D.},
	Date-Added = {2018-05-03 22:01:41 +0000},
	Date-Modified = {2018-05-03 22:02:58 +0000},
	Doi = {10.1103/PhysRevB.94.104420},
	Issue = {10},
	Journal = {Phys. Rev. B},
	Month = {Sep},
	Numpages = {14},
	Pages = {104420},
	Publisher = {American Physical Society},
	Title = {Spin transport at interfaces with spin-orbit coupling: Phenomenology},
	Url = {https://link.aps.org/doi/10.1103/PhysRevB.94.104420},
	Volume = {94},
	Year = {2016},
	Bdsk-Url-1 = {https://link.aps.org/doi/10.1103/PhysRevB.94.104420},
	Bdsk-Url-2 = {https://doi.org/10.1103/PhysRevB.94.104420}}

@article{manchon:2018aa,
	Author = {A. Manchon and I.M. Miron and T. Jungwirth and J. Sinova and J. Zelezn{\'y} and A. Thiaville and K. Garello and P. Gambardella},
	Date-Added = {2018-04-28 03:26:15 +0000},
	Date-Modified = {2018-04-28 03:32:12 +0000},
	Journal = {arXiv: 1801.09636},
	Title = {Current-induced spin-orbit torques in ferromagnetic and antiferromagnetic systems},
	Url = {https://arxiv.org/abs/1801.09636},
	Year = {2018},
	Bdsk-Url-1 = {https://arxiv.org/abs/1801.09636}}

@article{chernyshov:2009aa,
	Author = {Chernyshov, Alexandr and Overby, Mason and Liu, Xinyu and Furdyna, Jacek K. and Lyanda-Geller, Yuli and Rokhinson, Leonid P.},
	Date = {2009/08/02/online},
	Date-Added = {2018-02-13 21:01:34 +0000},
	Date-Modified = {2018-07-12 15:49:08 +0000},
	Day = {02},
	Journal = {Nature Physics},
	L3 = {10.1038/nphys1362; https://www.nature.com/articles/nphys1362#supplementary-information},
	Month = {08},
	Pages = {656},
	Publisher = {Nature Publishing Group SN -},
	Title = {Evidence for reversible control of magnetization in a ferromagnetic material by means of spin--orbit magnetic field},
	Ty = {JOUR},
	Url = {http://dx.doi.org/10.1038/nphys1362},
	Volume = {5},
	Year = {2009},
	Bdsk-Url-1 = {http://dx.doi.org/10.1038/nphys1362}}

@article{Hals2013,
	Author = {Hals, Kjetil M. D. and Brataas, Arne},
	Date-Added = {2018-02-13 20:20:34 +0000},
	Date-Modified = {2018-02-13 20:20:43 +0000},
	Doi = {10.1103/PhysRevB.88.085423},
	Issue = {8},
	Journal = {Phys. Rev. B},
	Month = {Aug},
	Numpages = {5},
	Pages = {085423},
	Publisher = {American Physical Society},
	Title = {Phenomenology of current-induced spin-orbit torques},
	Url = {https://link.aps.org/doi/10.1103/PhysRevB.88.085423},
	Volume = {88},
	Year = {2013},
	Bdsk-Url-1 = {https://link.aps.org/doi/10.1103/PhysRevB.88.085423},
	Bdsk-Url-2 = {http://dx.doi.org/10.1103/PhysRevB.88.085423}}

@article{brataas:2014aa,
	Author = {Brataas, Arne and Hals, Kjetil M. D.},
	Date = {2014/02/05/online},
	Date-Added = {2018-02-13 20:18:26 +0000},
	Date-Modified = {2018-07-12 15:54:34 +0000},
	Day = {05},
	Journal = {Nature Nanotechnology},
	L3 = {10.1038/nnano.2014.8;},
	Month = {02},
	Pages = {86},
	Publisher = {Nature Publishing Group, a division of Macmillan Publishers Limited. All Rights Reserved. SN -},
	Title = {Spin--orbit torques in action},
	Ty = {JOUR},
	Url = {http://dx.doi.org/10.1038/nnano.2014.8},
	Volume = {9},
	Year = {2014},
	Bdsk-Url-1 = {http://dx.doi.org/10.1038/nnano.2014.8}}

@article{Pesin2012,
	Author = {Pesin, D. A. and MacDonald, A. H.},
	Date-Added = {2018-02-13 05:36:38 +0000},
	Date-Modified = {2018-02-13 05:36:45 +0000},
	Doi = {10.1103/PhysRevB.86.014416},
	Issue = {1},
	Journal = {Phys. Rev. B},
	Month = {Jul},
	Numpages = {5},
	Pages = {014416},
	Publisher = {American Physical Society},
	Title = {Quantum kinetic theory of current-induced torques in Rashba ferromagnets},
	Url = {https://link.aps.org/doi/10.1103/PhysRevB.86.014416},
	Volume = {86},
	Year = {2012},
	Bdsk-Url-1 = {https://link.aps.org/doi/10.1103/PhysRevB.86.014416},
	Bdsk-Url-2 = {http://dx.doi.org/10.1103/PhysRevB.86.014416}}

@article{wang2012,
	Author = {Wang, Xuhui and Manchon, Aurelien},
	Date-Added = {2018-02-13 05:33:41 +0000},
	Date-Modified = {2018-02-13 05:33:48 +0000},
	Doi = {10.1103/PhysRevLett.108.117201},
	Issue = {11},
	Journal = {Phys. Rev. Lett.},
	Month = {Mar},
	Numpages = {5},
	Pages = {117201},
	Publisher = {American Physical Society},
	Title = {Diffusive Spin Dynamics in Ferromagnetic Thin Films with a Rashba Interaction},
	Url = {https://link.aps.org/doi/10.1103/PhysRevLett.108.117201},
	Volume = {108},
	Year = {2012},
	Bdsk-Url-1 = {https://link.aps.org/doi/10.1103/PhysRevLett.108.117201},
	Bdsk-Url-2 = {http://dx.doi.org/10.1103/PhysRevLett.108.117201}}

@article{Freimuth:2014,
	Author = {Freimuth, Frank and Bl\"ugel, Stefan and Mokrousov, Yuriy},
	Date-Added = {2018-02-13 05:08:30 +0000},
	Date-Modified = {2018-02-13 05:08:38 +0000},
	Doi = {10.1103/PhysRevB.90.174423},
	Issue = {17},
	Journal = {Phys. Rev. B},
	Month = {Nov},
	Numpages = {10},
	Pages = {174423},
	Publisher = {American Physical Society},
	Title = {Spin-orbit torques in Co/Pt(111) and Mn/W(001) magnetic bilayers from first principles},
	Url = {https://link.aps.org/doi/10.1103/PhysRevB.90.174423},
	Volume = {90},
	Year = {2014},
	Bdsk-Url-1 = {https://link.aps.org/doi/10.1103/PhysRevB.90.174423},
	Bdsk-Url-2 = {http://dx.doi.org/10.1103/PhysRevB.90.174423}}

@article{Freimuth:2015,
	Author = {Freimuth, Frank and Bl\"ugel, Stefan and Mokrousov, Yuriy},
	Date-Added = {2018-02-13 05:01:54 +0000},
	Date-Modified = {2018-02-13 05:02:07 +0000},
	Doi = {10.1103/PhysRevB.92.064415},
	Issue = {6},
	Journal = {Phys. Rev. B},
	Month = {Aug},
	Numpages = {19},
	Pages = {064415},
	Publisher = {American Physical Society},
	Title = {Direct and inverse spin-orbit torques},
	Url = {https://link.aps.org/doi/10.1103/PhysRevB.92.064415},
	Volume = {92},
	Year = {2015},
	Bdsk-Url-1 = {https://link.aps.org/doi/10.1103/PhysRevB.92.064415},
	Bdsk-Url-2 = {http://dx.doi.org/10.1103/PhysRevB.92.064415}}

@article{PRB:2010,
	Author = {Nomura, Kentaro and Nagaosa, Naoto},
	Date-Added = {2018-02-13 04:04:48 +0000},
	Date-Modified = {2018-02-13 04:18:38 +0000},
	Doi = {10.1103/PhysRevB.82.161401},
	Issue = {16},
	Journal = {Phys. Rev. B},
	Month = {Oct},
	Numpages = {4},
	Pages = {161401},
	Publisher = {American Physical Society},
	Title = {Electric charging of magnetic textures on the surface of a topological insulator},
	Url = {https://link.aps.org/doi/10.1103/PhysRevB.82.161401},
	Volume = {82},
	Year = {2010},
	Bdsk-Url-1 = {https://link.aps.org/doi/10.1103/PhysRevB.82.161401},
	Bdsk-Url-2 = {http://dx.doi.org/10.1103/PhysRevB.82.161401}}

@article{Ueda:2012,
	Author = {Ueda, Hiroaki T. and Takeuchi, Akihito and Tatara, Gen and Yokoyama, Takehito},
	Date-Added = {2018-02-13 04:04:48 +0000},
	Date-Modified = {2018-02-13 04:17:57 +0000},
	Doi = {10.1103/PhysRevB.85.115110},
	Issue = {11},
	Journal = {Phys. Rev. B},
	Month = {Mar},
	Numpages = {6},
	Pages = {115110},
	Publisher = {American Physical Society},
	Title = {Topological charge pumping effect by the magnetization dynamics on the surface of three-dimensional topological insulators},
	Url = {https://link.aps.org/doi/10.1103/PhysRevB.85.115110},
	Volume = {85},
	Year = {2012},
	Bdsk-Url-1 = {https://link.aps.org/doi/10.1103/PhysRevB.85.115110},
	Bdsk-Url-2 = {http://dx.doi.org/10.1103/PhysRevB.85.115110}}

@article{Yokoyama:2010,
	Author = {Yokoyama, Takehito and Zang, Jiadong and Nagaosa, Naoto},
	Date-Added = {2017-10-16 16:21:42 +0000},
	Date-Modified = {2017-10-16 16:21:42 +0000},
	Doi = {10.1103/PhysRevB.81.241410},
	Issue = {24},
	Journal = {Phys. Rev. B},
	Month = {Jun},
	Numpages = {4},
	Pages = {241410},
	Publisher = {American Physical Society},
	Rating = {5},
	Read = {1},
	Title = {Theoretical study of the dynamics of magnetization on the topological surface},
	Url = {https://link.aps.org/doi/10.1103/PhysRevB.81.241410},
	Volume = {81},
	Year = {2010},
	Bdsk-File-1 = {YnBsaXN0MDDUAQIDBAUGJCVYJHZlcnNpb25YJG9iamVjdHNZJGFyY2hpdmVyVCR0b3ASAAGGoKgHCBMUFRYaIVUkbnVsbNMJCgsMDxJXTlMua2V5c1pOUy5vYmplY3RzViRjbGFzc6INDoACgAOiEBGABIAFgAdccmVsYXRpdmVQYXRoWWFsaWFzRGF0YV8QLC4uLy4uL1JlcmVmZW5jZS9GaWxlcy9QaHlzUmV2Qi44MS4yNDE0MTAucGRm0hcLGBlXTlMuZGF0YU8RAYIAAAAAAYIAAgAADE1hY2ludG9zaCBIRAAAAAAAAAAAAAAAAAAAAAAAAABCRAAB/////xZQaHlzUmV2Qi44MS4yNDE0MTAucGRmAAAAAAAAAAAAAAAAAAAAAAAAAAAAAAAAAAAAAAAAAAAAAAAAAAAAAAD/////AAAAAAAAAAAAAAAAAAIAAwAACiBjdQAAAAAAAAAAAAAAAAAFRmlsZXMAAAIAPi86VXNlcnM6Ymd4aW9uZzpEZXNrdG9wOlJlcmVmZW5jZTpGaWxlczpQaHlzUmV2Qi44MS4yNDE0MTAucGRmAA4ALgAWAFAAaAB5AHMAUgBlAHYAQgAuADgAMQAuADIANAAxADQAMQAwAC4AcABkAGYADwAaAAwATQBhAGMAaQBuAHQAbwBzAGgAIABIAEQAEgA8VXNlcnMvYmd4aW9uZy9EZXNrdG9wL1JlcmVmZW5jZS9GaWxlcy9QaHlzUmV2Qi44MS4yNDE0MTAucGRmABMAAS8AABUAAgAO//8AAIAG0hscHR5aJGNsYXNzbmFtZVgkY2xhc3Nlc11OU011dGFibGVEYXRhox0fIFZOU0RhdGFYTlNPYmplY3TSGxwiI1xOU0RpY3Rpb25hcnmiIiBfEA9OU0tleWVkQXJjaGl2ZXLRJidUcm9vdIABAAgAEQAaACMALQAyADcAQABGAE0AVQBgAGcAagBsAG4AcQBzAHUAdwCEAI4AvQDCAMoCUAJSAlcCYgJrAnkCfQKEAo0CkgKfAqICtAK3ArwAAAAAAAACAQAAAAAAAAAoAAAAAAAAAAAAAAAAAAACvg==},
	Bdsk-Url-1 = {https://link.aps.org/doi/10.1103/PhysRevB.81.241410},
	Bdsk-Url-2 = {http://dx.doi.org/10.1103/PhysRevB.81.241410}}

@article{weiler:2011aa,
	Author = {Weiler, M. and Dreher, L. and Heeg, C. and Huebl, H. and Gross, R. and Brandt, M. S. and Goennenwein, S. T. B.},
	Date = {2011/03/14/},
	Date-Added = {2017-08-28 16:38:51 +0000},
	Date-Modified = {2017-08-28 16:38:51 +0000},
	Day = {14},
	Id = {10.1103/PhysRevLett.106.117601},
	J1 = {PRL},
	Journal = {Physical Review Letters},
	Journal1 = {Phys. Rev. Lett.},
	Month = {03},
	Number = {11},
	Pages = {117601--},
	Publisher = {American Physical Society},
	Title = {Elastically Driven Ferromagnetic Resonance in Nickel Thin Films},
	Ty = {JOUR},
	Url = {https://link.aps.org/doi/10.1103/PhysRevLett.106.117601},
	Volume = {106},
	Year = {2011},
	Bdsk-Url-1 = {https://link.aps.org/doi/10.1103/PhysRevLett.106.117601}}

@article{scherbakov:2010aa,
	Author = {Scherbakov, A. V. and Salasyuk, A. S. and Akimov, A. V. and Liu, X. and Bombeck, M. and Br{\"u}ggemann, C. and Yakovlev, D. R. and Sapega, V. F. and Furdyna, J. K. and Bayer, M.},
	Date = {2010/09/09/},
	Date-Added = {2017-08-28 16:32:08 +0000},
	Date-Modified = {2017-08-28 16:32:08 +0000},
	Day = {09},
	Id = {10.1103/PhysRevLett.105.117204},
	J1 = {PRL},
	Journal = {Physical Review Letters},
	Journal1 = {Phys. Rev. Lett.},
	Month = {09},
	Number = {11},
	Pages = {117204--},
	Publisher = {American Physical Society},
	Title = {Coherent Magnetization Precession in Ferromagnetic (Ga,Mn)As Induced by Picosecond Acoustic Pulses},
	Ty = {JOUR},
	Url = {https://link.aps.org/doi/10.1103/PhysRevLett.105.117204},
	Volume = {105},
	Year = {2010},
	Bdsk-Url-1 = {https://link.aps.org/doi/10.1103/PhysRevLett.105.117204}}

@article{niu:2010rmp,
	Author = {Xiao, Di and Chang, Ming-Che and Niu, Qian},
	Date-Added = {2017-08-28 15:55:35 +0000},
	Date-Modified = {2017-08-28 15:55:35 +0000},
	Doi = {10.1103/RevModPhys.82.1959},
	Issue = {3},
	Journal = {Rev. Mod. Phys.},
	Month = {Jul},
	Numpages = {0},
	Pages = {1959--2007},
	Publisher = {American Physical Society},
	Title = {Berry phase effects on electronic properties},
	Url = {https://link.aps.org/doi/10.1103/RevModPhys.82.1959},
	Volume = {82},
	Year = {2010},
	Bdsk-Url-1 = {https://link.aps.org/doi/10.1103/RevModPhys.82.1959},
	Bdsk-Url-2 = {http://dx.doi.org/10.1103/RevModPhys.82.1959}}

@article{tserkovnyak:2012aa,
	Author = {Tserkovnyak, Yaroslav and Loss, Daniel},
	Date = {2012/04/30/},
	Date-Added = {2017-08-17 19:29:38 +0000},
	Date-Modified = {2017-08-17 19:33:33 +0000},
	Day = {30},
	Id = {10.1103/PhysRevLett.108.187201},
	J1 = {PRL},
	Journal = {Phys. Rev. Lett.},
	Journal1 = {Phys. Rev. Lett.},
	Month = {04},
	Number = {18},
	Pages = {187201--},
	Publisher = {American Physical Society},
	Title = {Thin-Film Magnetization Dynamics on the Surface of a Topological Insulator},
	Ty = {JOUR},
	Url = {https://link.aps.org/doi/10.1103/PhysRevLett.108.187201},
	Volume = {108},
	Year = {2012},
	Bdsk-Url-1 = {https://link.aps.org/doi/10.1103/PhysRevLett.108.187201}}

@article{Garate:2010,
	Author = {Garate, Ion and Franz, M.},
	Date-Added = {2017-07-27 22:30:49 +0000},
	Date-Modified = {2017-07-27 22:31:10 +0000},
	Doi = {10.1103/PhysRevLett.104.146802},
	Issue = {14},
	Journal = {Phys. Rev. Lett.},
	Month = {Apr},
	Numpages = {4},
	Pages = {146802},
	Publisher = {American Physical Society},
	Title = {Inverse Spin-Galvanic Effect in the Interface between a Topological Insulator and a Ferromagnet},
	Url = {https://link.aps.org/doi/10.1103/PhysRevLett.104.146802},
	Volume = {104},
	Year = {2010},
	Bdsk-Url-1 = {https://link.aps.org/doi/10.1103/PhysRevLett.104.146802},
	Bdsk-Url-2 = {http://dx.doi.org/10.1103/PhysRevLett.104.146802}}

@article{sundaram:1999aa,
	Author = {Sundaram, Ganesh and Niu, Qian},
	Date-Added = {2017-06-02 16:02:56 +0000},
	Date-Modified = {2017-06-02 16:03:16 +0000},
	Doi = {10.1103/PhysRevB.59.14915},
	Issue = {23},
	Journal = {Phys. Rev. B},
	Month = {Jun},
	Numpages = {0},
	Pages = {14915--14925},
	Publisher = {American Physical Society},
	Title = {Wave-packet dynamics in slowly perturbed crystals: Gradient corrections and Berry-phase effects},
	Url = {https://link.aps.org/doi/10.1103/PhysRevB.59.14915},
	Volume = {59},
	Year = {1999},
	Bdsk-Url-1 = {https://link.aps.org/doi/10.1103/PhysRevB.59.14915},
	Bdsk-Url-2 = {http://dx.doi.org/10.1103/PhysRevB.59.14915}}

@article{manchon:2008aa,
	Author = {Manchon, A. and Zhang, S.},
	Date-Added = {2017-06-02 16:02:56 +0000},
	Date-Modified = {2017-06-02 16:03:58 +0000},
	Doi = {10.1103/PhysRevB.78.212405},
	Issue = {21},
	Journal = {Phys. Rev. B},
	Month = {Dec},
	Numpages = {4},
	Pages = {212405},
	Publisher = {American Physical Society},
	Title = {Theory of nonequilibrium intrinsic spin torque in a single nanomagnet},
	Url = {https://link.aps.org/doi/10.1103/PhysRevB.78.212405},
	Volume = {78},
	Year = {2008},
	Bdsk-Url-1 = {https://link.aps.org/doi/10.1103/PhysRevB.78.212405},
	Bdsk-Url-2 = {http://dx.doi.org/10.1103/PhysRevB.78.212405}}

@article{garate:2009aa,
	Author = {Garate, Ion and MacDonald, A. H.},
	Date-Added = {2017-06-02 15:58:20 +0000},
	Date-Modified = {2017-06-02 15:58:57 +0000},
	Doi = {10.1103/PhysRevB.80.134403},
	Issue = {13},
	Journal = {Phys. Rev. B},
	Month = {Oct},
	Numpages = {11},
	Pages = {134403},
	Publisher = {American Physical Society},
	Title = {Influence of a transport current on magnetic anisotropy in gyrotropic ferromagnets},
	Url = {https://link.aps.org/doi/10.1103/PhysRevB.80.134403},
	Volume = {80},
	Year = {2009},
	Bdsk-Url-1 = {https://link.aps.org/doi/10.1103/PhysRevB.80.134403},
	Bdsk-Url-2 = {http://dx.doi.org/10.1103/PhysRevB.80.134403}}

@article{Fan:2014aa,
	Abstract = {Recent demonstrations of magnetization switching induced by in-plane current in heavy metal/ferromagnetic heterostructures (HMFHs) have drawn great attention to spin torques arising from large spin--orbit coupling (SOC). Given the intrinsic strong SOC, topological insulators (TIs) are expected to be promising candidates for exploring spin--orbit torque (SOT)-related physics. Here we demonstrate experimentally the magnetization switching through giant SOT induced by an in-plane current in a chromium-doped TI bilayer heterostructure. The critical current density required for switching is below 8.9 ×104 A cm−2 at 1.9 K. Moreover, the SOT is calibrated by measuring the effective spin--orbit field using second-harmonic methods. The effective field to current ratio and the spin-Hall angle tangent are almost three orders of magnitude larger than those reported for HMFHs. The giant SOT and efficient current-induced magnetization switching exhibited by the bilayer heterostructure may lead to innovative spintronics applications such as ultralow power dissipation memory and logic devices.},
	Author = {Fan, Yabin and Upadhyaya, Pramey and Kou, Xufeng and Lang, Murong and Takei, So and Wang, Zhenxing and Tang, Jianshi and He, Liang and Chang, Li-Te and Montazeri, Mohammad and Yu, Guoqiang and Jiang, Wanjun and Nie, Tianxiao and Schwartz, Robert N. and Tserkovnyak, Yaroslav and Wang, Kang L.},
	Date = {2014/07//print},
	Date-Added = {2017-06-02 15:58:20 +0000},
	Date-Modified = {2017-06-02 15:58:20 +0000},
	Isbn = {1476-1122},
	Journal = {Nat Mater},
	L3 = {10.1038/nmat3973; http://www.nature.com/nmat/journal/v13/n7/abs/nmat3973.html#supplementary-information},
	M3 = {Article},
	Month = {07},
	Number = {7},
	Pages = {699--704},
	Publisher = {Nature Publishing Group},
	Title = {Magnetization switching through giant spin--orbit torque in a magnetically doped topological insulator heterostructure},
	Ty = {JOUR},
	Url = {http://dx.doi.org/10.1038/nmat3973},
	Volume = {13},
	Year = {2014},
	Bdsk-Url-1 = {http://dx.doi.org/10.1038/nmat3973}}

@article{KurebayashiH.:2014aa,
	Abstract = {Magnetization switching at the interface between ferromagnetic and paramagnetic metals, controlled by current-induced torques, could be exploited in magnetic memory technologies. Compelling questions arise regarding the role played in the switching by the spin Hall effect in the paramagnet and by the spin-orbit torque originating from the broken inversion symmetry at the interface. Of particular importance are the antidamping components of these current-induced torques acting against the equilibrium-restoring Gilbert damping of the magnetization dynamics. Here, we report the observation of an antidamping spin-orbit torque that stems from the Berry curvature, in analogy to the origin of the intrinsic spin Hall effect. We chose the ferromagnetic semiconductor (Ga,Mn)As as a material system because its crystal inversion asymmetry allows us to measure bare ferromagnetic films, rather than ferromagnetic-paramagnetic heterostructures, eliminating by design any spin Hall effect contribution. We provide an intuitive picture of the Berry curvature origin of this antidamping spin-orbit torque as well as its microscopic modelling. We expect the Berry curvature spin-orbit torque to be of comparable strength to the spin-Hall-effect-driven antidamping torque in ferromagnets interfaced with paramagnets with strong intrinsic spin Hall effect.},
	Author = {H. Kurebayashi and Jairo Sinova and D. Fang and A. C. Irvine and T. D. Skinner and J. Wunderlich and V. Nov{\'a}k and R. P. Campion and B. L. Gallagher and E. K. Vehstedt and L. P. Z{\^a}rbo and K. V{\'y}born{\'y} and A. J. Ferguson and T. Jungwirth},
	Date = {2014/03//print},
	Date-Added = {2017-06-02 15:58:20 +0000},
	Date-Modified = {2017-10-03 12:46:13 +0000},
	Isbn = {1748-3387},
	Journal = {Nat Nano},
	L3 = {10.1038/nnano.2014.15; http://www.nature.com/nnano/journal/v9/n3/abs/nnano.2014.15.html#supplementary-information},
	M3 = {Article},
	Month = {03},
	Number = {3},
	Pages = {211--217},
	Publisher = {Nature Publishing Group},
	Title = {An antidamping spin-orbit torque originating from the Berry curvature},
	Ty = {JOUR},
	Url = {http://dx.doi.org/10.1038/nnano.2014.15},
	Volume = {9},
	Year = {2014},
	Bdsk-Url-1 = {http://dx.doi.org/10.1038/nnano.2014.15}}

@article{Mellnik:2014spin,
	Author = {Mellnik, A. R. and Lee, J. S. and Richardella, A. and Grab, J. L. and Mintun, P. J. and Fischer, M. H. and Vaezi, A. and Manchon, A. and Kim, E. -A. and Samarth, N. and Ralph, D. C.},
	Date = {2014/07/24/print},
	Date-Added = {2017-06-02 15:55:52 +0000},
	Date-Modified = {2017-06-02 15:56:08 +0000},
	Day = {24},
	Isbn = {0028-0836},
	Journal = {Nature},
	L3 = {10.1038/nature13534},
	M3 = {Letter},
	Month = {07},
	Number = {7510},
	Pages = {449--451},
	Publisher = {Nature Publishing Group, a division of Macmillan Publishers Limited. All Rights Reserved.},
	Title = {Spin-transfer torque generated by a topological insulator},
	Ty = {JOUR},
	Url = {http://dx.doi.org/10.1038/nature13534},
	Volume = {511},
	Year = {2014},
	Bdsk-Url-1 = {http://dx.doi.org/10.1038/nature13534}}

@article{qian:2002spin,
	Author = {Qian, Zhixin and Vignale, Giovanni},
	Date-Added = {2017-06-02 15:54:42 +0000},
	Date-Modified = {2017-06-02 15:55:00 +0000},
	Doi = {10.1103/PhysRevLett.88.056404},
	Issue = {5},
	Journal = {Phys. Rev. Lett.},
	Month = {Jan},
	Numpages = {4},
	Pages = {056404},
	Publisher = {American Physical Society},
	Title = {Spin Dynamics from Time-Dependent Spin-Density-Functional Theory},
	Url = {https://link.aps.org/doi/10.1103/PhysRevLett.88.056404},
	Volume = {88},
	Year = {2002},
	Bdsk-Url-1 = {https://link.aps.org/doi/10.1103/PhysRevLett.88.056404},
	Bdsk-Url-2 = {http://dx.doi.org/10.1103/PhysRevLett.88.056404}}

@article{edelstein:1990spin,
	Abstract = {Two-dimensional (2D) electron systems in which the ``up-down'' symmetry is absent is considered. The difference between two normals to the electron layer permits the 2D-electron Hamiltonian to include the additional spin-orbit term Hso = αℏ[pc]σ, that in turn implies violation of 2D-space parity. It is shown that magneto-electric effect may be observed under this condition: an electric current may induce spin magnetization.},
	Author = {V.M. Edelstein},
	Date-Added = {2017-06-02 15:53:06 +0000},
	Date-Modified = {2017-06-02 15:53:44 +0000},
	Doi = {http://dx.doi.org/10.1016/0038-1098(90)90963-C},
	Issn = {0038-1098},
	Journal = {Solid State Communications},
	Number = {3},
	Pages = {233 - 235},
	Title = {Spin polarization of conduction electrons induced by electric current in two-dimensional asymmetric electron systems},
	Url = {http://www.sciencedirect.com/science/article/pii/003810989090963C},
	Volume = {73},
	Year = {1990},
	Bdsk-Url-1 = {http://www.sciencedirect.com/science/article/pii/003810989090963C},
	Bdsk-Url-2 = {http://dx.doi.org/10.1016/0038-1098(90)90963-C}}

@article{niu:1999adiabatic,
	Author = {Niu, Q. and Wang, Xindong and Kleinman, L. and Liu, Wu-Ming and Nicholson, D. M. C. and Stocks, G. M.},
	Date-Added = {2017-06-02 15:47:08 +0000},
	Date-Modified = {2017-06-02 15:48:48 +0000},
	Doi = {10.1103/PhysRevLett.83.207},
	Issue = {1},
	Journal = {Phys. Rev. Lett.},
	Month = {Jul},
	Numpages = {0},
	Pages = {207--210},
	Publisher = {American Physical Society},
	Title = {Adiabatic Dynamics of Local Spin Moments in Itinerant Magnets},
	Url = {https://link.aps.org/doi/10.1103/PhysRevLett.83.207},
	Volume = {83},
	Year = {1999},
	Bdsk-Url-1 = {https://link.aps.org/doi/10.1103/PhysRevLett.83.207},
	Bdsk-Url-2 = {http://dx.doi.org/10.1103/PhysRevLett.83.207}}

@article{niu:1998spin,
	Author = {Niu, Qian and Kleinman, Leonard},
	Date-Added = {2017-06-02 15:47:07 +0000},
	Date-Modified = {2017-06-02 15:48:36 +0000},
	Doi = {10.1103/PhysRevLett.80.2205},
	Issue = {10},
	Journal = {Phys. Rev. Lett.},
	Month = {Mar},
	Numpages = {0},
	Pages = {2205--2208},
	Publisher = {American Physical Society},
	Title = {Spin-Wave Dynamics in Real Crystals},
	Url = {https://link.aps.org/doi/10.1103/PhysRevLett.80.2205},
	Volume = {80},
	Year = {1998},
	Bdsk-Url-1 = {https://link.aps.org/doi/10.1103/PhysRevLett.80.2205},
	Bdsk-Url-2 = {http://dx.doi.org/10.1103/PhysRevLett.80.2205}}
